@book{south1993report,
  title={Report of the inquiry into the London Ambulance Service},
  author={South West Thames Regional Health Authority, London (United Kingdom);},
  year={1993}
}